@misc
{biginteger,
author={GeeksForGeeks},
title={BigInteger Class in Java},
note={\href{https://www.geeksforgeeks.org/biginteger-class-in-java}{https://www.geeksforgeeks.org/biginteger-class-in-java}}
}

@misc
{rsa,
author={Wikipedia},
title={Chiffrement RSA},
note={\href{https://fr.wikipedia.org/wiki/Chiffrement\_RSA}{https://fr.wikipedia.org/wiki/Chiffrement\_RSA}}
}

@misc
{des,
author={Wikipedia},
title={Data Encryption Standard},
note={\href{https://fr.wikipedia.org/wiki/Data\_Encryption\_Standard}{https://fr.wikipedia.org/wiki/Data\_Encryption\_Standard}}
}

@misc
{tripledes,
author={Wikipedia},
title={Triple DES},
note={\href{https://fr.wikipedia.org/wiki/Triple\_DES}{https://fr.wikipedia.org/wiki/Triple\_DES}}
}


@misc
{shor,
author={Wikipedia},
title={Algorithme de Shor},
note={\href{https://fr.wikipedia.org/wiki/Algorithme\_de\_Shor}{https://fr.wikipedia.org/wiki/Algorithme\_de\_Shor}}
}


@misc
{extended1,
author={Wikipedia},
title={How to print the extended ASCII code in java from integer value},
note={\href{https://stackoverflow.com/questions/22273046/how-to-print-the-extended-ascii-code-in-java-from-integer-value}{https://stackoverflow.com/questions/22273046/how-to-print-the-extended-ascii-code-in-java-from-integer-value}}
}

@misc
{extended2,
author={Wikipedia},
title={Page de code 437},
note={\href{https://fr.wikipedia.org/wiki/Page\_de\_code\_437}{https://fr.wikipedia.org/wiki/Page\_de\_code\_437}}
}

@misc
{atbash,
author={Bibmath},
title={Le chiffre Atbash},
note={\href{http://www.bibmath.net/crypto/index.php?action=affiche\&quoi=ancienne/atbash}{http://www.bibmath.net/crypto/index.php?action=affiche\&quoi=ancienne/atbash}}
}

@misc
{playfair,
author={Bibmath},
title={Le chiffre de Playfair},
note={\href{http://www.bibmath.net/crypto/index.php?action=affiche\&quoi=ancienne/playfair}{http://www.bibmath.net/crypto/index.php?action=affiche\&quoi=ancienne/playfair}}
}

@misc
{insert,
author={javatpoint},
title={Java StringBuffer insert()method},
note={\href{https://www.javatpoint.com/java-stringbuffer-insert-method}{https://www.javatpoint.com/java-stringbuffer-insert-method}}
}

@misc
{hill1,
author={Wikipedia},
title={Chiffre de Hill},
note={\href{https://fr.wikipedia.org/wiki/Chiffre\_de\_Hill}{https://fr.wikipedia.org/wiki/Chiffre\_de\_Hill}}
}

@misc
{hill3,
author={SUPINFO},
title={Chiffre affine et chiffre de Hil},
note={\href{https://www.supinfo.com/cours/1ARI/chapitres/05-chiffre-affine-chiffre-hill}{https://www.supinfo.com/cours/1ARI/chapitres/05-chiffre-affine-chiffre-hill}}
}

@misc
{hill2,
author={Wikipedia},
title={Algorithme d'Euclide étendu},
note={\href{https://fr.wikipedia.org/wiki/Algorithme\_d'Euclide\_étendu}{https://fr.wikipedia.org/wiki/Algorithme\_d'Euclide\_étendu}}
}

@misc
{binary,
author={Stack Overflow},
title={Converting an int to a binary string representation in Java?},
note={\href{https://stackoverflow.com/questions/2406432/converting-an-int-to-a-binary-string-representation-in-java}{https://stackoverflow.com/questions/2406432/converting-an-int-to-a-binary-string-representation-in-java}}
}

@misc
{des2,
author={Bibmath},
title={La saga du DES},
note={\href{http://www.bibmath.net/crypto/index.php?action=affiche\&quoi=moderne/des}{http://www.bibmath.net/crypto/index.php?action=affiche\&quoi=moderne/des}}
}

@misc
{emoji1,
author={UNICODE},
title={Full Emoji List, v13.0},
note={\href{https://unicode.org/emoji/charts/full-emoji-list.html}{https://unicode.org/emoji/charts/full-emoji-list.html}}
}

@misc
{emoji2,
author={Stack Overflow},
title={Is there anyway to convert emoji to text in Java?},
note={\href{https://stackoverflow.com/questions/34802721/is-there-anyway-to-convert-emoji-to-text-in-java}{https://stackoverflow.com/questions/34802721/is-there-anyway-to-convert-emoji-to-text-in-java}}
}

@misc
{emoji3,
author={github - vdurmont},
title={emoji-java},
note={\href{https://github.com/vdurmont/emoji-java}{https://github.com/vdurmont/emoji-java}}
}

@misc
{emoji4,
author={github - kcthota},
title={emoji4j},
note={\href{https://github.com/kcthota/emoji4j}{https://github.com/kcthota/emoji4j}}
}


@misc
{rsa2,
author={Stack Overflow},
title={Modulus with big numbers in java},
note={\href{https://stackoverflow.com/questions/54165293/modulus-with-big-numbers-in-java}{https://stackoverflow.com/questions/54165293/modulus-with-big-numbers-in-java}}
}



























